<record><leader>00000cas a2200000 a 4500</leader><controlfield tag="001">11489685</controlfield><controlfield tag="008">841213d19021903ksuwr ne      0   a0eng d</controlfield><datafield ind1=" " ind2=" " tag="010"><subfield code="a">sn 84030371 </subfield></datafield><datafield ind1=" " ind2=" " tag="040"><subfield code="a">KSH</subfield><subfield code="b">eng</subfield><subfield code="c">KSH</subfield><subfield code="d">NPT</subfield><subfield code="d">OCL</subfield><subfield code="d">OCLCQ</subfield></datafield><datafield ind1=" " ind2=" " tag="042"><subfield code="a">msc</subfield></datafield><datafield ind1="0" ind2=" " tag="130"><subfield code="a">Syracuse republican (Syracuse, Kan. : 1902)</subfield></datafield><datafield ind1="1" ind2="0" tag="245"><subfield code="a">Syracuse republican.</subfield></datafield><datafield ind1=" " ind2=" " tag="260"><subfield code="a">Syracuse, Kan. :</subfield><subfield code="b">Earl C. Ross,</subfield><subfield code="c">1902-1903.</subfield></datafield><datafield ind1=" " ind2=" " tag="300"><subfield code="a">1 v. :</subfield><subfield code="b">ill. ;</subfield><subfield code="c">59 cm.</subfield></datafield><datafield ind1=" " ind2=" " tag="310"><subfield code="a">Weekly</subfield></datafield><datafield ind1="0" ind2=" " tag="362"><subfield code="a">Vol. 1, no. 1 (July 31, 1902)-v. 1, no. 35 (Mar. 27, 1903).</subfield></datafield><datafield ind1=" " ind2=" " tag="752"><subfield code="a">United States</subfield><subfield code="b">Kansas</subfield><subfield code="c">Hamilton</subfield><subfield code="d">Syracuse.</subfield></datafield><datafield ind1="0" ind2="7" tag="785"><subfield code="t">Syracuse news (Syracuse, Kan. : 1898)</subfield><subfield code="w">(DLC)sn 84030122</subfield></datafield><datafield ind1="0" ind2="7" tag="785"><subfield code="t">Syracuse news and republican</subfield><subfield code="w">(DLC)sn 84030121</subfield></datafield></record>